% This is a sample BibTeX bibliography file,
%  showing articles, theses, proceedings, books
%  and collections being cited

@article{agostinelli2003geant4,
  title={Geant4—a simulation toolkit},
  author={Agostinelli, Sea and Allison, John and Amako, K al and Apostolakis, J and Araujo, H and Arce, P and Asai, M and Axen, D and Banerjee, S and Barrand, G and others},
  journal={Nuclear instruments and methods in physics research section A: Accelerators, Spectrometers, Detectors and Associated Equipment},
  volume={506},
  number={3},
  pages={250--303},
  year={2003},
  publisher={Elsevier}
}

@article{brun1997root,
  title={ROOT—an object oriented data analysis framework},
  author={Brun, Rene and Rademakers, Fons},
  journal={Nuclear Instruments and Methods in Physics Research Section A: Accelerators, Spectrometers, Detectors and Associated Equipment},
  volume={389},
  number={1},
  pages={81--86},
  year={1997},
  publisher={Elsevier}
}

@article{abrams2012mu2e,
  title={Mu2e conceptual design report},
  author={Abrams, RJ and Alezander, D and Ambrosio, G and Andreev, N and Ankenbrandt, CM and Asner, DM and Arnold, D and Artikov, A and Barnes, E and Bartoszek, L and others},
  journal={arXiv preprint arXiv:1211.7019},
  year={2012}
}